% Encoding: UTF-8

@Misc{icarus,
  title     = {Raspberry Pi Car PC: iCarus project},
  date      = {2016-11-20},
  note      = {Nov 2016},
  url       = {http://i-carus.com/},
  urldate   = {2016-11-20},
  publisher = {http://i-carus.com},
}

@Misc{icarus-shop,
  title   = {Shop},
  date    = {2016-11-20},
  note    = {Nov 2016},
  url     = {http://i-carus.com/shop/},
  urldate = {2016-11-20},
}

@Misc{harman-connected-car,
  title   = {Connected Car! Telematics! Infotainment! ADAS},
  date    = {2016-11-20},
  note    = {Nov 2016},
  url     = {http://www.harman.com/connected-car},
  urldate = {2016-11-20},
}

@Misc{harman-connected-vehicles,
  title   = {CONNECTED BY HARMAN},
  date    = {2016-11-20},
  note    = {Nov 2016},
  url     = {http://car.harman.com/connected-vehicles.html},
  urldate = {2016-11-20},
}

@Misc{helix-chassis,
  title   = {Wind River Helix Chassis},
  date    = {2016-11-20},
  note    = {Nov 2016},
  url     = {http://www.windriver.com/products/chassis/},
  urldate = {2016-11-20},
}

@Misc{helix-chassis-overview,
  title   = {Wind River Helix Drive Product Overview},
  date    = {2016-11-20},
  note    = {Nov 2016},
  url     = {http://www.windriver.com/products/product-overviews/2566-Product-Overview-Wind-River-Helix-Drive/},
  urldate = {2016-11-20},
}

@Misc{genivi-about,
  title   = {About GENIVI},
  date    = {2016-11-20},
  note    = {Nov 2016},
  url     = {https://www.genivi.org/about-genivi},
  urldate = {2016-11-20},
}

@Misc{genivi-members,
  title   = {GENIVI Members},
  date    = {2016-11-20},
  note    = {Nov 2016},
  url     = {https://www.genivi.org/genivi-members},
  urldate = {2016-11-20},
}

@Misc{fso-home,
  title   = {freesmartphone.org},
  date    = {2016-11-20},
  note    = {Nov 2016},
  url     = {http://www.freesmartphone.org/},
  urldate = {2016-11-20},
}

@Misc{am335x-overview,
  title   = {AM335x},
  date    = {2016-11-20},
  note    = {Nov 2016},
  url     = {http://www.ti.com/lsds/ti/processors/sitara/arm_cortex-a8/am335x/overview.page},
  urldate = {2016-11-20},
}

@Misc{dbus,
  title   = {dbus},
  date    = {2016-11-20},
  note    = {Nov 2016},
  url     = {https://www.freedesktop.org/wiki/Software/dbus/},
  urldate = {2016-11-20},
}

@Misc{uboot,
  title   = {Das U-Boot},
  date    = {2016-11-20},
  note    = {Nov 2016},
  url     = {http://git.denx.de/?p=u-boot.git;a=blob_plain;f=README;hb=HEAD},
  urldate = {2016-11-20},
}

@Misc{linux-readme,
  title   = {Linux},
  date    = {2016-11-20},
  note    = {Nov 2016},
  url     = {https://git.kernel.org/cgit/linux/kernel/git/stable/linux-stable.git/tree/README},
  urldate = {2016-11-20},
}

@Misc{glib-overview,
  title   = {GLib Overview},
  date    = {2016-11-20},
  note    = {Nov 2016},
  url     = {https://developer.gnome.org/glib/stable/glib.html},
  urldate = {2016-11-20},
}

@Misc{gobject-introspection,
  title   = {GObject Introspection},
  date    = {2016-11-20},
  note    = {Nov 2016},
  url     = {https://wiki.gnome.org/Projects/GObjectIntrospection},
  urldate = {2016-11-20},
}

@Misc{gi-users,
  title   = {Bindings based on GObject Introspection},
  date    = {2016-11-20},
  note    = {Nov 2016},
  url     = {https://wiki.gnome.org/action/show/Projects/GObjectIntrospection/Users},
  urldate = {2016-11-20},
}

@Misc{gcc-c11-compatibility,
  title   = {C11Status},
  date    = {2016-11-20},
  note    = {Nov 2016},
  url     = {https://gcc.gnu.org/wiki/C11Status},
  urldate = {2016-11-20},
}

@Misc{clang-c11-compatibility,
  title   = {Language Compatibility},
  date    = {2016-11-20},
  note    = {Nov 2016},
  url     = {http://clang.llvm.org/compatibility.html},
  urldate = {2016-11-20},
}

@Misc{gnu-autoconf,
  title   = {Autoconf},
  date    = {2016-11-20},
  note    = {Nov 2016},
  url     = {https://www.gnu.org/software/autoconf/manual/autoconf.html},
  urldate = {2016-11-20},
}

@Misc{gnu-automake,
  title   = {Automake},
  date    = {2016-11-20},
  note    = {Nov 2016},
  url     = {https://www.gnu.org/software/automake/manual/automake.html},
  urldate = {2016-11-20},
}

@Misc{gnu-libtool,
  title   = {Libtool},
  date    = {2016-11-20},
  note    = {Nov 2016},
  url     = {https://www.gnu.org/software/libtool/manual/libtool.html},
  urldate = {2016-11-20},
}

@Misc{gnu-make,
  title   = {GNU Make},
  date    = {2016-11-20},
  note    = {Nov 2016},
  url     = {https://www.gnu.org/software/make/manual/make.html},
  urldate = {2016-11-20},
}

@Misc{oe-home,
  title   = {Openembedded.org},
  date    = {2016-11-20},
  note    = {Nov 2016},
  url     = {http://openembedded.org/wiki/Main_Page},
  urldate = {2016-11-20},
}

@Misc{buildroot-home,
  title   = {Buildroot - Making Embedded Linux Easy},
  date    = {2016-11-20},
  note    = {Nov 2016},
  url     = {https://buildroot.org/},
  urldate = {2016-11-20},
}

@Comment{jabref-meta: databaseType:biblatex;}
